<record xmlns="http://www.openarchives.org/OAI/2.0/" xmlns:xsi="http://www.w3.org/2001/XMLSchema-instance"><header><identifier>oai:alma.34CSIC_INST:990012275440204201</identifier><datestamp>2020-02-06T08:41:03Z</datestamp><setSpec>manuscripta</setSpec></header><metadata><record xmlns="http://www.loc.gov/MARC21/slim" xmlns:xsi="http://www.w3.org/2001/XMLSchema-instance" xsi:schemaLocation="http://www.loc.gov/MARC21/slim http://www.loc.gov/standards/marcxml/schema/MARC21slim.xsd"><leader>07720ntm a2200637 i 4500</leader><controlfield tag="005">20181031100344.0</controlfield><controlfield tag="008">100331q1500    sp            000 0 ara d</controlfield><controlfield tag="001">990012275440204201</controlfield><datafield tag="035" ind1=" " ind2=" "><subfield code="a">CSIC001227544</subfield></datafield><datafield tag="035" ind1=" " ind2=" "><subfield code="a">(ES-MaCSI)001227544MAD01-Aleph</subfield></datafield><datafield tag="035" ind1=" " ind2=" "><subfield code="a">(OCoLC)1123955300
</subfield></datafield><datafield tag="040" ind1=" " ind2=" "><subfield code="a">ES-MaCSI</subfield><subfield code="b">spa</subfield></datafield><datafield tag="080" ind1=" " ind2=" "><subfield code="a">091(=411.21)</subfield></datafield><datafield tag="080" ind1=" " ind2=" "><subfield code="a">398.3=411.21</subfield></datafield><datafield tag="100" ind1="1" ind2=" "><subfield code="a">Anónimo (S. XVI)</subfield></datafield><datafield tag="245" ind1="1" ind2="0"><subfield code="a">[Tratado de magia y sortilegios]</subfield><subfield code="h">[Manuscrito]</subfield></datafield><datafield tag="260" ind1=" " ind2=" "><subfield code="a">[S.l.],</subfield><subfield code="c">[S. a., S. XVI].</subfield></datafield><datafield tag="300" ind1=" " ind2=" "><subfield code="a">131 ff. (Una col., 14 líneas por pág.) :</subfield><subfield code="b">Papel ;</subfield><subfield code="c">19,8 x 14 cm (caja: 15,2 x 9,2 cm).</subfield></datafield><datafield tag="490" ind1="0" ind2=" "><subfield code="a">Manuscripta</subfield></datafield><datafield tag="500" ind1=" " ind2=" "><subfield code="a">Incipit: (بعد البسملة) ءَشْتَاءَاشْ اَلْكِتَبْ كَاشْتَ ءَانَال ءَالْكُنْتُ ذَاذُ َالْقَرْنَيْنْ اَيَانَال اَيْ ذَامَنْدَشْ</subfield></datafield><datafield tag="500" ind1=" " ind2=" "><subfield code="a">Explicit: ءَاشْ ءَالْكُوَانْتُ اَكَالْكَاشَااَشَانْبَلَنْ ءَانْلُيَذِيجُّ بُّرلُكَااَنْتَاشْذَالُّءَاشْتَ ءَاشْكِرِتٌ لُكُوَلمِرَرَشْ ءَانَلُّ اِلُءَانْتَانْدَارَشْ شِكَارَّاللهْ</subfield></datafield><datafield tag="500" ind1=" " ind2=" "><subfield code="a">Tinta marrón oscura para ductus y roja para títulos y palabras que quieren resaltarse.</subfield></datafield><datafield tag="500" ind1=" " ind2=" "><subfield code="a">Copista: Desconocido. Dos manos.</subfield></datafield><datafield tag="500" ind1=" " ind2=" "><subfield code="a">Colofón: No.</subfield></datafield><datafield tag="500" ind1=" " ind2=" "><subfield code="a">Características especiales: Ninguna.</subfield></datafield><datafield tag="500" ind1=" " ind2=" "><subfield code="a">Ilustración: Palmetas enfrentadas.</subfield></datafield><datafield tag="500" ind1=" " ind2=" "><subfield code="a">Ilustraciones: No.</subfield></datafield><datafield tag="500" ind1=" " ind2=" "><subfield code="a">Tipo de cuaderno: Cuaterniones y ternión.</subfield></datafield><datafield tag="500" ind1=" " ind2=" "><subfield code="a">Deterioros: Ninguno.</subfield></datafield><datafield tag="500" ind1=" " ind2=" "><subfield code="a">H. en blanco: Dos primeros folios y 1r (en los tres casos, menos h. d. g. 2v, con anotaciones posteriores al volumen propiamente dicho); 131v y último folio sin numerar.</subfield></datafield><datafield tag="500" ind1=" " ind2=" "><subfield code="a">H. dañadas, mutiladas, sueltas: Corte con cuchilla del tercio inferior del último folio en blanco.</subfield></datafield><datafield tag="500" ind1=" " ind2=" "><subfield code="a">H. faltan o añadidas: Ninguna.</subfield></datafield><datafield tag="500" ind1=" " ind2=" "><subfield code="a">Foliación: 1-131. Moderna, a lápiz, en la parte superior del margen externo. Confusión en la foliación de 90-92, subsanada rápidamente.</subfield></datafield><datafield tag="500" ind1=" " ind2=" "><subfield code="a">Reclamos: No parece conservarse debido al guillotinado, porque en ocasiones parece verse alguna vocalización.</subfield></datafield><datafield tag="500" ind1=" " ind2=" "><subfield code="a">Signatura de cuaderno: Números arábigos en la esquina superior interna del primer folio.</subfield></datafield><datafield tag="500" ind1=" " ind2=" "><subfield code="a">Pautado: A punta seca en verso del folio.</subfield></datafield><datafield tag="500" ind1=" " ind2=" "><subfield code="a">Filigrana: Papel verjurado sin filigrana aparente.</subfield></datafield><datafield tag="500" ind1=" " ind2=" "><subfield code="a">Signatura antigua: 79=134 (según nota de vuelto de última guarda).</subfield></datafield><datafield tag="500" ind1=" " ind2=" "><subfield code="a">Signatura antigua: Junta 26</subfield></datafield><datafield tag="500" ind1=" " ind2=" "><subfield code="a">Anotaciones: Hay anotaciones en las hojas de guarda iniciales sobre los nombres de los días de la semana y de nombres de persona. También se indica que perteneció a Abdala, natural de Consuenda.</subfield></datafield><datafield tag="510" ind1="3" ind2=" "><subfield code="a">Descripción: Julián Ribera y Miguel Asín, Manuscritos árabes y aljamiados de la Biblioteca de la Junta, Madrid, Junta para Ampliación de Estudios e Investigaciones Científicas, 1912, pp. 112-114.</subfield></datafield><datafield tag="510" ind1="4" ind2=" "><subfield code="a">Bibliografía: “Alquitab de las suertes de Dulcarnain”, edición sinóptica por Karl I. Kobbervig, El libro de las suertes. Tratado de adivinación por el juego de azar, Madrid, Gredos, 1987, pp. 67-114. Nuria Martínez de Castilla, Edición, estudio y glosario del manuscrito aljamiado T19 de la Real Academia de la Historia, Madrid, UCM, 2005. María José Cervera Fras, Manuscritos moriscos aragoneses, Zaragoza, IEIOP, 2010, p. 64 (reproducción, p. 38). Alfredo Mateos y Juan Carlos Villaverde (eds.), Memoria de los moriscos. Escritos y relatos de una diáspora cultural, Madrid, SECC, 2010, pp. 187-188 (reproducción, pp. 77, 187).</subfield></datafield><datafield tag="520" ind1="2" ind2=" "><subfield code="a">1v-11r. [Libro del cuento de Dulcarnain (Alejandro Magno)]. 11r-12r. Capítulo de lo que vino en los días de la semana 12r-28r. Capítulo para conocer los días escogidos de los meses por la luna. 28r-30r. Capítulo de los días aquellos que deballó Allah cazza wa galla en-ellos el-alcadab sobre los de Bani Içraila por Ibnu Habib. 30r-31r. Capítulo para cuando querrás conocer la pluvia. 31r-84r. Declaración del-aljizm mayor sobre los alharfes 36v-67r. [Alborjes] 67r-84r. Alborjes de las mujeres. 84r-113r. Este es alkitab qu’están en él las suertes de Dilqarnayni [sic]. 113r-117v. Capítulo en los sueños. 117v-120r. Capítulo en los truenos al principio del mes i-a su çaguería. 120r-124r. Capítulo en el [e]clibse de sol [y de luna]. 124r-127r. Capítulo de la dentrada del año. 127r-129r. Capítulo de la royura que se demuestra en el cielo. 129r-v. Capítulo del corrimiento de las estrellas aquellas que ca’en del cielo. 130r-131r. Capítulo para cuando querrás saber cuándo entra la luna.</subfield></datafield><datafield tag="530" ind1=" " ind2=" "><subfield code="a">María Pilar Martínez Olmo, Colección de manuscritos árabes y aljamiados de la Biblioteca del Instituto de Filología del CSIC [recurso electrónico]: los manuscritos de la Junta, Madrid, CSIC, 1998, 4 Cd-Rom.</subfield></datafield><datafield tag="541" ind1=" " ind2=" "><subfield code="a">Procedencia: Almonacid de la Sierra.</subfield><subfield code="d">Ingreso: Junio de 1910.</subfield></datafield><datafield tag="546" ind1=" " ind2=" "><subfield code="a">Aljamía y árabe.</subfield><subfield code="b">con escritura magrebí</subfield></datafield><datafield tag="563" ind1=" " ind2=" "><subfield code="a">En piel marrón claro, sobre pastas de cartón endurecido. Tres nervios en el lomo. Restaurada. Dos cordeles de badana marrón claro en cada cubierta para el cierre. Cuerpo del texto separado prácticamente del lomo. A tinta negra, en primera cubierta, se lee difícilmente, de forma repetida: “Las suertes”.</subfield></datafield><datafield tag="594" ind1=" " ind2="1"><subfield code="a">Responsabilidad desconocida</subfield></datafield><datafield tag="595" ind1=" " ind2=" "><subfield code="a">Karl I. Kobbervig (ed.), Libro de las suertes, Madrid, Gredos, 1987.</subfield></datafield><datafield tag="650" ind1=" " ind2="7"><subfield code="a">Manuscritos árabes.</subfield><subfield code="2">CSICAU</subfield></datafield><datafield tag="650" ind1=" " ind2="7"><subfield code="a">Manuscritos aljamiados.</subfield><subfield code="2">CSICAU</subfield></datafield><datafield tag="650" ind1=" " ind2="7"><subfield code="a">Encantamientos.</subfield><subfield code="2">CSICAU</subfield></datafield><datafield tag="650" ind1=" " ind2="7"><subfield code="a">Magia.</subfield><subfield code="2">CSICAU</subfield></datafield><datafield tag="830" ind1=" " ind2="0"><subfield code="a">Manuscripta</subfield></datafield><datafield tag="856" ind1="4" ind2="1"><subfield code="u">http://aleph.csic.es/imagenes/mad01/0006_PMSC/P_001227544_650951_V00.pdf</subfield><subfield code="z">Descargar Pdf completo (11M)</subfield><subfield code="m">CSIC</subfield></datafield><datafield tag="856" ind1="4" ind2="1"><subfield code="u">http://simurg.bibliotecas.csic.es/viewer/image/CSIC001227544/1/</subfield><subfield code="z">Ver texto completo en SIMURG, el portal de fondos digitalizados del CSIC</subfield><subfield code="m">CSIC</subfield></datafield><datafield tag="856" ind1="4" ind2="1"><subfield code="u">http://aleph.csic.es/imagenes/mad01/0006_PMSC/html/001227544.html</subfield><subfield code="z">Ver texto completo en Bookreader</subfield></datafield></record></metadata></record>